@article{donkor2018stroke,
  title={Stroke in the century: a snapshot of the burden, epidemiology, and quality of life},
  author={Donkor, Eric S},
  journal={Stroke research and treatment},
  volume={2018},
  year={2018},
  publisher={Hindawi}
}

@article{le2018ischemic,
  title={Ischemic and hemorrhagic brain injury during venoarterial-extracorporeal membrane oxygenation},
  author={Le Guennec, Lo{\"\i}c and Cholet, Cl{\'e}mentine and Huang, Florent and Schmidt, Matthieu and Br{\'e}chot, Nicolas and H{\'e}kimian, Guillaume and Besset, S{\'e}bastien and Lebreton, Guillaume and Nieszkowska, Ania and Leprince, Pascal and others},
  journal={Annals of intensive care},
  volume={8},
  pages={1--10},
  year={2018},
  publisher={Springer}
}

@article{mokin2017aspects,
  title={ASPECTS (Alberta Stroke Program Early CT Score) measurement using Hounsfield unit values when selecting patients for stroke thrombectomy},
  author={Mokin, Maxim and Primiani, Christopher T and Siddiqui, Adnan H and Turk, Aquilla S},
  journal={Stroke},
  volume={48},
  number={6},
  pages={1574--1579},
  year={2017},
  publisher={Am Heart Assoc}
}

@article{kuang2019automated,
  title={Automated ASPECTS on noncontrast CT scans in patients with acute ischemic stroke using machine learning},
  author={Kuang, H and Najm, M and Chakraborty, D and Maraj, N and Sohn, SI and Goyal, M and Hill, MD and Demchuk, AM and Menon, BK and Qiu, W},
  journal={American journal of neuroradiology},
  volume={40},
  number={1},
  pages={33--38},
  year={2019},
  publisher={Am Soc Neuroradiology}
}

@article{wilson2018minds,
  title={Minds treating brains: understanding the interpretation of non-contrast CT ASPECTS in acute ischemic stroke},
  author={Wilson, Alexis T and Dey, Sadanand and Evans, James W and Najm, Mohamed and Qiu, Wu and Menon, Bijoy K},
  journal={Expert Review of Cardiovascular Therapy},
  volume={16},
  number={2},
  pages={143--153},
  year={2018},
  publisher={Taylor \& Francis}
}

@inproceedings{tan2012contrast,
  title={Contrast enhancement of CT brain images for detection of ischemic stroke},
  author={Tan, Tiong-Lang and Sim, Kok-Swee and Chong, Aun-Kee},
  booktitle={2012 International Conference on Biomedical Engineering (ICoBE)},
  pages={385--388},
  year={2012},
  organization={IEEE}
}

@article{van2021aspects,
  title={ASPECTS interobserver agreement of 100 investigators from the TENSION study},
  author={van Horn, Noel and Kniep, Helge and Broocks, Gabriel and Meyer, Lukas and Flottmann, Fabian and Bechstein, Matthias and G{\"o}tz, Julia and Thomalla, G{\"o}tz and Bendszus, Martin and Bonekamp, Susanne and others},
  journal={Clinical Neuroradiology},
  pages={1--8},
  year={2021},
  publisher={Springer}
}

@article{chen2022improving,
  title={Improving the diagnosis of acute ischemic stroke on non-contrast CT using deep learning: a multicenter study},
  author={Chen, Weidao and Wu, Jiangfen and Wei, Ren and Wu, Shuang and Xia, Chen and Wang, Dawei and Liu, Daliang and Zheng, Longmei and Zou, Tianyu and Li, Ruijiang and others},
  journal={Insights into Imaging},
  volume={13},
  number={1},
  pages={1--12},
  year={2022},
  publisher={SpringerOpen}
}

@article{saver2006time,
  title={Time is brainâ€”quantified},
  author={Saver, Jeffrey L},
  journal={Stroke},
  volume={37},
  number={1},
  pages={263--266},
  year={2006},
  publisher={Am Heart Assoc}
}

@misc{rapidai,
  title = {RapidAI},
  howpublished = {\url{https://www.rapidai.com/}},
  note = {Accessed: June 5, 2023}
}

@article{lee2023clinical,
  title={Clinical evaluation of a deep-learning model for automatic scoring of the Alberta stroke program early CT score on non-contrast CT},
  author={Lee, Seong-Joon and Park, Gyuha and Kim, Dohyun and Jung, Sumin and Song, Soohwa and Hong, Ji Man and Shin, Dong Hoon and Lee, Jin Soo},
  journal={Journal of NeuroInterventional Surgery},
  year={2023},
  publisher={British Medical Journal Publishing Group}
}

@techreport{cao2022deep,
  title={Deep learning derived automated ASPECTS on non-contrast CT scans of acute ischemic stroke patients},
  author={Cao, Zehong and Xu, Jiaona and Song, Bin and Chen, Lizhou and Sun, Tianyang and He, Yichu and Wei, Ying and Niu, Guozhong and Zhang, Yu and Feng, Qianjin and others},
  year={2022},
  institution={Wiley Online Library}
}

@article{kuang2021eis,
  title={EIS-Net: Segmenting early infarct and scoring ASPECTS simultaneously on non-contrast CT of patients with acute ischemic stroke},
  author={Kuang, Hulin and Menon, Bijoy K and Sohn, Sung IL and Qiu, Wu},
  journal={Medical Image Analysis},
  volume={70},
  pages={101984},
  year={2021},
  publisher={Elsevier}
}

@inproceedings{jung2018evaluating,
  title={Evaluating a deep-learning system for automatically calculating the stroke ASPECT score},
  author={Jung, Su-min and Whangbo, Taeg-keun},
  booktitle={2018 International conference on information and communication technology convergence (ICTC)},
  pages={564--567},
  year={2018},
  organization={IEEE}
}

@inproceedings{liu2021deep,
  title={Deep Learning-Based ASPECTS Scoring Method for Acute Ischemic Stroke},
  author={Liu, Naijia and Nie, Shengdong},
  booktitle={2021 3rd International Conference on Artificial Intelligence and Advanced Manufacture},
  pages={99--103},
  year={2021}
}

@article{yu2021automated,
  title={An automated ASPECTS method with atlas-based segmentation},
  author={Yu, Zechen and Chen, Zhongping and Yu, Yang and Zhu, Haichen and Tong, Dan and Chen, Yang},
  journal={Computer Methods and Programs in Biomedicine},
  volume={210},
  pages={106376},
  year={2021},
  publisher={Elsevier}
}

@article{naganuma2021alberta,
  title={Alberta stroke program early CT score calculation using the deep learning-based brain hemisphere comparison algorithm},
  author={Naganuma, Masaki and Tachibana, Atsushi and Fuchigami, Takuya and Akahori, Sadato and Okumura, Shuichiro and Yi, Kenichiro and Matsuo, Yoshimasa and Ikeno, Koichi and Yonehara, Toshiro},
  journal={Journal of Stroke and Cerebrovascular Diseases},
  volume={30},
  number={7},
  pages={105791},
  year={2021},
  publisher={Elsevier}
}

@inproceedings{golkonda2022automated,
  title={Automated ASPECTS Classification in Acute Ischemic Stroke using EfficientNetV2},
  author={Golkonda, Ramananjali Mounica and Menon, Vivek and Nambiar, Vivek},
  booktitle={2022 IEEE 7th International conference for Convergence in Technology (I2CT)},
  pages={1--6},
  year={2022},
  organization={IEEE}
}

@article{chiang2022deep,
  title={Deep Learning-Based Automatic Detection of ASPECTS in Acute Ischemic Stroke: Improving Stroke Assessment on CT Scans},
  author={Chiang, Pi-Ling and Lin, Shih-Yen and Chen, Meng-Hsiang and Chen, Yueh-Sheng and Wang, Cheng-Kang and Wu, Min-Chen and Huang, Yii-Ting and Lee, Meng-Yang and Chen, Yong-Sheng and Lin, Wei-Che},
  journal={Journal of Clinical Medicine},
  volume={11},
  number={17},
  pages={5159},
  year={2022},
  publisher={MDPI}
}

@inproceedings{upadhyay2023deep,
  title={Deep-ASPECTS: A Segmentation-Assisted Model for Stroke Severity Measurement},
  author={Upadhyay, Ujjwal and Ranjan, Mukul and Golla, Satish and Tanamala, Swetha and Sreenivas, Preetham and Chilamkurthy, Sasank and Pandian, Jeyaraj and Tarpley, Jason},
  booktitle={Computer Vision--ECCV 2022 Workshops: Tel Aviv, Israel, October 23--27, 2022, Proceedings, Part III},
  pages={330--339},
  year={2023},
  organization={Springer}
}

@article{kamalian2016computed,
  title={Computed tomography imaging and angiography--principles},
  author={Kamalian, Shervin and Lev, Michael H and Gupta, Rajiv},
  journal={Handbook of clinical neurology},
  volume={135},
  pages={3--20},
  year={2016},
  publisher={Elsevier}
}

@misc{ma2020medical,
  author       = {Ma, Liang-Chieh},
  title        = {Medical Image Pre-processing with Python},
  howpublished = {\url{https://towardsdatascience.com/medical-image-pre-processing-with-python-d07694852606}},
  year         = {2020},
  month        = {May},
  note         = {Accessed on June 7, 2023}
}

@article{barber2000validity,
  title={Validity and reliability of a quantitative computed tomography score in predicting outcome of hyperacute stroke before thrombolytic therapy},
  author={Barber, Philip A and Demchuk, Andrew M and Zhang, Jinjin and Buchan, Alastair M},
  journal={The Lancet},
  volume={355},
  number={9216},
  pages={1670--1674},
  year={2000},
  publisher={Elsevier}
}